<record><leader>00000cas a22000007a 4500</leader><controlfield tag="001">8807821</controlfield><controlfield tag="008">820925d18511853inuwr ne      0    0eng  </controlfield><controlfield tag="009">466</controlfield><datafield ind1=" " ind2=" " tag="010"><subfield code="a">sn 82015656 </subfield></datafield><datafield ind1=" " ind2=" " tag="040"><subfield code="a">DLC</subfield><subfield code="b">eng</subfield><subfield code="c">DLC</subfield><subfield code="d">OCL</subfield><subfield code="d">DLC</subfield><subfield code="d">NPX</subfield><subfield code="d">NPI</subfield><subfield code="d">DLC</subfield><subfield code="d">NVF</subfield><subfield code="d">OCL</subfield><subfield code="d">OCLCO</subfield><subfield code="d">OCLCF</subfield></datafield><datafield ind1="1" ind2=" " tag="029"><subfield code="a">AU@</subfield><subfield code="b">000025831938</subfield></datafield><datafield ind1=" " ind2=" " tag="042"><subfield code="a">msc</subfield></datafield><datafield ind1="0" ind2="0" tag="050"><subfield code="a">Newspaper 7701-X</subfield></datafield><datafield ind1="0" ind2="4" tag="245"><subfield code="a">The Ohio Valley gazette.</subfield></datafield><datafield ind1="0" ind2="3" tag="246"><subfield code="a">Gazette</subfield></datafield><datafield ind1=" " ind2=" " tag="260"><subfield code="a">Vevay, Ind. :</subfield><subfield code="b">O.S. &amp; F.J. Waldo,</subfield><subfield code="c">1851-1853.</subfield></datafield><datafield ind1=" " ind2=" " tag="300"><subfield code="a">v. ;</subfield><subfield code="c">57 cm.</subfield></datafield><datafield ind1=" " ind2=" " tag="310"><subfield code="a">Weekly</subfield></datafield><datafield ind1="0" ind2=" " tag="362"><subfield code="a">Vol. 1, no. 1 (June 19, 1851)-v. 2, no. 52 (June 9, 1853).</subfield></datafield><datafield ind1=" " ind2=" " tag="500"><subfield code="a">Publishers: June 1851-Apr. 1853, C.S. Horton; Apr. 1853-Jun. 1853, O.S. &amp; F.J. Waldo.</subfield></datafield><datafield ind1=" " ind2=" " tag="500"><subfield code="a">"Democratic."</subfield></datafield><datafield ind1=" " ind2=" " tag="500"><subfield code="a">Editor: Caleb S. Horton, &lt;1852&gt;.</subfield></datafield><datafield ind1=" " ind2="0" tag="651"><subfield code="a">Vevay (Ind.)</subfield><subfield code="v">Newspapers.</subfield></datafield><datafield ind1=" " ind2="7" tag="655"><subfield code="a">Newspapers.</subfield><subfield code="2">fast</subfield><subfield code="0">(OCoLC)fst01423814</subfield></datafield><datafield ind1=" " ind2="7" tag="651"><subfield code="a">Indiana</subfield><subfield code="z">Vevay.</subfield><subfield code="2">fast</subfield><subfield code="0">(OCoLC)fst01257089</subfield></datafield><datafield ind1=" " ind2=" " tag="752"><subfield code="a">United States</subfield><subfield code="b">Indiana</subfield><subfield code="c">Switzerland</subfield><subfield code="d">Vevay.</subfield></datafield><datafield ind1="0" ind2="0" tag="780"><subfield code="t">Indiana palladium (Vevay, Ind.)</subfield><subfield code="w">(DLC)sn 85047727</subfield></datafield><datafield ind1="0" ind2="0" tag="785"><subfield code="t">Weekly reveille (Vevay, Ind.)</subfield><subfield code="w">(DLC)sn 85047728</subfield></datafield></record>